<?xml version="1.0"?>
<marc:records xmlns:marc="http://www.loc.gov/MARC21/slim" xmlns:xsi="http://www.w3.org/2001/XMLSchema-instance" xsi:schemaLocation="http://www.loc.gov/MARC21/slim http://www.loc.gov/standards/marcxml/schema/MARC21slim.xsd">
  <marc:record>
    <marc:leader>06608ntm a2200697Ia 4500</marc:leader>
    <marc:controlfield tag="001">9937763153503681</marc:controlfield>
    <marc:controlfield tag="005">20210218113739.0</marc:controlfield>
    <marc:controlfield tag="008">210218s1854    ua p          000 0 ara d</marc:controlfield>
    <marc:datafield ind1=" " ind2=" " tag="035">
  <marc:subfield code="a">(OCoLC)1237757928</marc:subfield>
</marc:datafield>
    <marc:datafield ind1=" " ind2=" " tag="035">
  <marc:subfield code="a">(OCoLC)on1237757928</marc:subfield>
</marc:datafield>
    <marc:datafield ind1=" " ind2=" " tag="035">
  <marc:subfield code="a">(PU)3776315-penndb-Voyager</marc:subfield>
</marc:datafield>
    <marc:datafield ind1=" " ind2=" " tag="040">
  <marc:subfield code="a">PAU</marc:subfield>
  <marc:subfield code="b">eng</marc:subfield>
  <marc:subfield code="c">PAU</marc:subfield>
  <marc:subfield code="e">amremm</marc:subfield>
</marc:datafield>
    <marc:datafield ind1="1" ind2=" " tag="041">
  <marc:subfield code="a">ara</marc:subfield>
  <marc:subfield code="a">cop</marc:subfield>
  <marc:subfield code="h">cop</marc:subfield>
</marc:datafield>
    <marc:datafield ind1=" " ind2="9" tag="099">
  <marc:subfield code="a">CAJS Rar Ms 200</marc:subfield>
</marc:datafield>
    <marc:datafield ind1="0" ind2="0" tag="245">
  <marc:subfield code="6">880-01</marc:subfield>
  <marc:subfield code="a">Muqaddimat al-sullam al-ma&#x2BB;ru&#x304;f. Kita&#x304;b Sullam al-muqaffa&#x301; wa-al-dhahab al-mus&#x323;affa&#x301;</marc:subfield>
</marc:datafield>
    <marc:datafield ind1="3" ind2="0" tag="246">
  <marc:subfield code="6">880-02</marc:subfield>
  <marc:subfield code="a">Muqaddimat al-sullam</marc:subfield>
</marc:datafield>
    <marc:datafield ind1="3" ind2="0" tag="246">
  <marc:subfield code="6">880-03</marc:subfield>
  <marc:subfield code="a">Sullam al-muqaffa&#x301; wa-al-dhahab al-mus&#x323;affa&#x301;</marc:subfield>
</marc:datafield>
    <marc:datafield ind1=" " ind2=" " tag="260">
  <marc:subfield code="a">[Egypt],</marc:subfield>
  <marc:subfield code="c">1270 A.H. (1854)</marc:subfield>
</marc:datafield>
    <marc:datafield ind1=" " ind2=" " tag="300">
  <marc:subfield code="a">95 leaves :</marc:subfield>
  <marc:subfield code="b">paper ;</marc:subfield>
  <marc:subfield code="c">300 x 230 (240 x 163) bound to 300 x 230 mm</marc:subfield>
</marc:datafield>
    <marc:datafield ind1=" " ind2=" " tag="336">
  <marc:subfield code="a">text</marc:subfield>
  <marc:subfield code="b">txt</marc:subfield>
  <marc:subfield code="2">rdacontent</marc:subfield>
</marc:datafield>
    <marc:datafield ind1=" " ind2=" " tag="337">
  <marc:subfield code="a">unmediated</marc:subfield>
  <marc:subfield code="b">n</marc:subfield>
  <marc:subfield code="2">rdamedia</marc:subfield>
</marc:datafield>
    <marc:datafield ind1=" " ind2=" " tag="338">
  <marc:subfield code="a">volume</marc:subfield>
  <marc:subfield code="b">nc</marc:subfield>
  <marc:subfield code="2">rdacarrier</marc:subfield>
</marc:datafield>
    <marc:datafield ind1=" " ind2=" " tag="500">
  <marc:subfield code="a">Ms. codex.</marc:subfield>
</marc:datafield>
    <marc:datafield ind1=" " ind2=" " tag="500">
  <marc:subfield code="a">Title from title page (f. 2r)</marc:subfield>
</marc:datafield>
    <marc:datafield ind1=" " ind2=" " tag="500">
  <marc:subfield code="a">Unfoliated.</marc:subfield>
</marc:datafield>
    <marc:datafield ind1=" " ind2=" " tag="500">
  <marc:subfield code="a">Layout: Written in 26-27 lines in two columns, each column contains both Arabic and Coptic; pages and columns read left to right.</marc:subfield>
</marc:datafield>
    <marc:datafield ind1=" " ind2=" " tag="500">
  <marc:subfield code="a">Script: Arabic written in naskh in black and red ink; pointed. Coptic in red and black ink.</marc:subfield>
</marc:datafield>
    <marc:datafield ind1=" " ind2=" " tag="500">
  <marc:subfield code="a">Decoration: Polychrome cross (f. 1v), polychrome headpiece (f. 2r); rubrications in red; small flowers in yellow throughout the text.</marc:subfield>
</marc:datafield>
    <marc:datafield ind1=" " ind2=" " tag="500">
  <marc:subfield code="a">Binding: Red leather over pasteboard with flap (Type II).</marc:subfield>
</marc:datafield>
    <marc:datafield ind1=" " ind2=" " tag="500">
  <marc:subfield code="a">Origin: Completed on 21 Dhu&#x304; al-Qa&#x2BB;dah 1270 A.H. (15 August 1854).</marc:subfield>
</marc:datafield>
    <marc:datafield ind1="0" ind2=" " tag="505">
  <marc:subfield code="a">1. f. [2]r-[10]v: Muqaddimat al-Sullam -- 2. f. [11]r-[18]r: al-Tabs&#x323;irah -- 2. f. [18]r-[24]r: Muqaddimah allati&#x304; wad&#x323;a&#x2BB;aha&#x304; al-Shaykh al-As&#x2BB;ad Abu&#x304; al-Faraj Ibn al-&#x2BB;Assa&#x304;l -- 3. [24]v-[32]v: Muqaddimah al-mawsu&#x304;mah bi-al-Kifa&#x304;yah -- 4. [33]r-[45]r: Muqaddimat Ibn al-Duhayri&#x304; -- 5. [45]v-[93]v: [al-Sullam al-kabi&#x304;r]-- 6. [94]r-[95]v: [Notations]</marc:subfield>
</marc:datafield>
    <marc:datafield ind1=" " ind2=" " tag="520">
  <marc:subfield code="a">Collection of introductions to Coptic grammar and lexicography explained in Arabic followed by a dictionary of Coptic-Arabic terminology. The dictionary ends in the middle of Book 10, chapter 3; it is therefore missing a few leaves at the end. The copy of Sullam al-muqaffa&#x301; wa-al-dhahab al-mus&#x323;affa&#x301; referenced on the title page is not contained in the item itself.</marc:subfield>
</marc:datafield>
    <marc:datafield ind1=" " ind2=" " tag="524">
  <marc:subfield code="a">CAJS Rar Ms 200.</marc:subfield>
</marc:datafield>
    <marc:datafield ind1=" " ind2=" " tag="546">
  <marc:subfield code="a">Arabic and Coptic.</marc:subfield>
</marc:datafield>
    <marc:datafield ind1="1" ind2=" " tag="561">
  <marc:subfield code="a">Formerly owned by the Library of the Dropsie College for Hebrew and Cognate Learning.</marc:subfield>
</marc:datafield>
    <marc:datafield ind1=" " ind2="0" tag="650">
  <marc:subfield code="a">Coptic language</marc:subfield>
  <marc:subfield code="x">Grammar</marc:subfield>
  <marc:subfield code="v">Early works to 1800.</marc:subfield>
</marc:datafield>
    <marc:datafield ind1=" " ind2="0" tag="650">
  <marc:subfield code="a">Coptic language</marc:subfield>
  <marc:subfield code="v">Dictionaries</marc:subfield>
  <marc:subfield code="x">Arabic</marc:subfield>
  <marc:subfield code="v">Early works to 1800.</marc:subfield>
</marc:datafield>
    <marc:datafield ind1=" " ind2="0" tag="650">
  <marc:subfield code="a">Coptic language</marc:subfield>
  <marc:subfield code="x">Lexicography</marc:subfield>
  <marc:subfield code="v">Early works to 1800.</marc:subfield>
</marc:datafield>
    <marc:datafield ind1=" " ind2="0" tag="655">
  <marc:subfield code="a">Manuscripts, Arabic.</marc:subfield>
</marc:datafield>
    <marc:datafield ind1=" " ind2="0" tag="655">
  <marc:subfield code="a">Manuscripts, Coptic.</marc:subfield>
</marc:datafield>
    <marc:datafield ind1=" " ind2="0" tag="655">
  <marc:subfield code="a">Manuscripts, 19th century.</marc:subfield>
</marc:datafield>
    <marc:datafield ind1=" " ind2="7" tag="655">
  <marc:subfield code="a">Codices (bound manuscripts)</marc:subfield>
  <marc:subfield code="2">aat</marc:subfield>
</marc:datafield>
    <marc:datafield ind1=" " ind2="7" tag="655">
  <marc:subfield code="a">Dictionaries</marc:subfield>
  <marc:subfield code="2">aat</marc:subfield>
</marc:datafield>
    <marc:datafield ind1="1" ind2="2" tag="700">
  <marc:subfield code="6">880-04</marc:subfield>
  <marc:subfield code="a">Samannu&#x304;di&#x304;, Yuh&#x323;anna&#x304;,</marc:subfield>
  <marc:subfield code="d">13th century.</marc:subfield>
  <marc:subfield code="t">Muqaddimat al-Sullam.</marc:subfield>
</marc:datafield>
    <marc:datafield ind1="1" ind2="2" tag="700">
  <marc:subfield code="6">880-05</marc:subfield>
  <marc:subfield code="a">Ibn Ka&#x304;tib Qays&#x323;ar, Ibra&#x304;hi&#x304;m ibn S&#x323;afi&#x304; al-Dawlah,</marc:subfield>
  <marc:subfield code="d">active 13th century.</marc:subfield>
  <marc:subfield code="t">Tabs&#x323;irah.</marc:subfield>
</marc:datafield>
    <marc:datafield ind1="1" ind2="2" tag="700">
  <marc:subfield code="6">880-06</marc:subfield>
  <marc:subfield code="a">Ibn al-&#x2BB;Assa&#x304;l, al-As&#x2BB;ad Abu&#x304; al-Faraj Hibat Alla&#x304;h,</marc:subfield>
  <marc:subfield code="d">active 13th century.</marc:subfield>
  <marc:subfield code="t">Muqaddimat al-Sullam.</marc:subfield>
</marc:datafield>
    <marc:datafield ind1="1" ind2="2" tag="700">
  <marc:subfield code="6">880-07</marc:subfield>
  <marc:subfield code="a">Qalyu&#x304;bi&#x304;, Al-Waji&#x304;h Yuh&#x323;anna&#x304;,</marc:subfield>
  <marc:subfield code="d">active 13th century.</marc:subfield>
  <marc:subfield code="t">Kifa&#x304;yah.</marc:subfield>
</marc:datafield>
    <marc:datafield ind1="1" ind2="2" tag="700">
  <marc:subfield code="6">880-08</marc:subfield>
  <marc:subfield code="a">Ibn al-Duhayri&#x304;, al-Thiqah,</marc:subfield>
  <marc:subfield code="d">active 13th century.</marc:subfield>
  <marc:subfield code="t">Muqaddimah.</marc:subfield>
</marc:datafield>
    <marc:datafield ind1="1" ind2="2" tag="700">
  <marc:subfield code="6">880-09</marc:subfield>
  <marc:subfield code="a">Ibn Kubr, Abu&#x304; al-Baraka&#x304;t ibn al-As&#x2BB;ad,</marc:subfield>
  <marc:subfield code="d">-approximately 1363.</marc:subfield>
  <marc:subfield code="t">Sullam al-kabir.</marc:subfield>
</marc:datafield>
    <marc:datafield ind1="2" ind2=" " tag="710">
  <marc:subfield code="a">Dropsie College for Hebrew and Cognate Learning,</marc:subfield>
  <marc:subfield code="e">former owner.</marc:subfield>
</marc:datafield>
    <marc:datafield ind1=" " ind2=" " tag="852">
  <marc:subfield code="b">Library at the Herbert D. Katz Center for Advanced Judaic Studies</marc:subfield>
  <marc:subfield code="a">University of Pennsylvania</marc:subfield>
  <marc:subfield code="e">420 Walnut Street, Philadelphia, Pennsylvania 19106-3703</marc:subfield>
  <marc:subfield code="j">CAJS Rar Ms 200</marc:subfield>
</marc:datafield>
    <marc:datafield ind1="4" ind2="1" tag="856">
  <marc:subfield code="z">Digital facsimile in OPenn</marc:subfield>
  <marc:subfield code="u">http://openn.library.upenn.edu/Data/0002/html/cajs_rarms200.html</marc:subfield>
</marc:datafield>
    <marc:datafield ind1="0" ind2="0" tag="880">
  <marc:subfield code="6">245-01//r</marc:subfield>
  <marc:subfield code="a">&#x645;&#x642;&#x62F;&#x645;&#x629; &#x627;&#x644;&#x633;&#x644;&#x645; &#x627;&#x644;&#x645;&#x639;&#x631;&#x648;&#x641;. &#x643;&#x62A;&#x627;&#x628; &#x633;&#x644;&#x645; &#x627;&#x644;&#x645;&#x642;&#x641;&#x649; &#x648;&#x627;&#x644;&#x630;&#x647;&#x628; &#x627;&#x644;&#x645;&#x635;&#x641;&#x649;</marc:subfield>
</marc:datafield>
    <marc:datafield ind1="3" ind2="0" tag="880">
  <marc:subfield code="6">246-02//r</marc:subfield>
  <marc:subfield code="a">&#x645;&#x642;&#x62F;&#x645;&#x629; &#x627;&#x644;&#x633;&#x644;&#x645;</marc:subfield>
</marc:datafield>
    <marc:datafield ind1="3" ind2="0" tag="880">
  <marc:subfield code="6">246-03//r</marc:subfield>
  <marc:subfield code="a">&#x633;&#x644;&#x645; &#x627;&#x644;&#x645;&#x642;&#x641;&#x649; &#x648;&#x627;&#x644;&#x630;&#x647;&#x628; &#x627;&#x644;&#x645;&#x635;&#x641;&#x649;</marc:subfield>
</marc:datafield>
    <marc:datafield ind1="1" ind2="2" tag="880">
  <marc:subfield code="6">700-04//r</marc:subfield>
  <marc:subfield code="a">&#x633;&#x645;&#x646;&#x648;&#x62F;&#x64A;&#x60C; &#x64A;&#x62D;&#x646;&#x627;&#x60C;</marc:subfield>
  <marc:subfield code="d">13th century.</marc:subfield>
  <marc:subfield code="t">&#x645;&#x642;&#x62F;&#x645;&#x629; &#x627;&#x644;&#x633;&#x644;&#x645;.</marc:subfield>
</marc:datafield>
    <marc:datafield ind1="1" ind2="2" tag="880">
  <marc:subfield code="6">700-05//r</marc:subfield>
  <marc:subfield code="a">&#x627;&#x628;&#x646; &#x643;&#x627;&#x62A;&#x628; &#x642;&#x64A;&#x635;&#x631;&#x60C; &#x627;&#x628;&#x631;&#x627;&#x647;&#x64A;&#x645; &#x628;&#x646; &#x635;&#x641;&#x64A; &#x627;&#x644;&#x62F;&#x648;&#x644;&#x629;&#x60C;</marc:subfield>
  <marc:subfield code="d">active 13th century.</marc:subfield>
  <marc:subfield code="t">&#x62A;&#x628;&#x635;&#x631;&#x629;.</marc:subfield>
</marc:datafield>
    <marc:datafield ind1="1" ind2="2" tag="880">
  <marc:subfield code="6">700-06//r</marc:subfield>
  <marc:subfield code="a">&#x627;&#x628;&#x646; &#x627;&#x644;&#x639;&#x633;&#x627;&#x644;&#x60C; &#x627;&#x644;&#x627;&#x633;&#x639;&#x62F; &#x627;&#x628;&#x648; &#x627;&#x644;&#x641;&#x631;&#x62C; &#x647;&#x628;&#x629; &#x627;&#x644;&#x644;&#x647;&#x60C;</marc:subfield>
  <marc:subfield code="d">active 13th century.</marc:subfield>
  <marc:subfield code="t">&#x645;&#x642;&#x62F;&#x645;&#x629; &#x627;&#x644;&#x633;&#x644;&#x645;</marc:subfield>
</marc:datafield>
    <marc:datafield ind1="1" ind2="2" tag="880">
  <marc:subfield code="6">700-07//r</marc:subfield>
  <marc:subfield code="a">&#x642;&#x644;&#x64A;&#x648;&#x628;&#x64A;&#x60C; &#x627;&#x644;&#x648;&#x62C;&#x64A;&#x647; &#x64A;&#x62D;&#x646;&#x627;&#x60C;</marc:subfield>
  <marc:subfield code="d">active 13th century.&#x60C;</marc:subfield>
  <marc:subfield code="t">&#x643;&#x641;&#x627;&#x64A;&#x629;.</marc:subfield>
</marc:datafield>
    <marc:datafield ind1="1" ind2="2" tag="880">
  <marc:subfield code="6">700-08//r</marc:subfield>
  <marc:subfield code="a">&#x627;&#x628;&#x646; &#x627;&#x644;&#x62F;&#x647;&#x64A;&#x631;&#x64A;&#x60C; &#x627;&#x644;&#x62B;&#x642;&#x629;&#x60C;</marc:subfield>
  <marc:subfield code="d">active 13th century.</marc:subfield>
  <marc:subfield code="t">&#x645;&#x642;&#x62F;&#x645;&#x629;.</marc:subfield>
</marc:datafield>
    <marc:datafield ind1="1" ind2="2" tag="880">
  <marc:subfield code="6">700-09//r</marc:subfield>
  <marc:subfield code="a">&#x627;&#x628;&#x646; &#x643;&#x628;&#x631;&#x60C; &#x627;&#x628;&#x648; &#x627;&#x644;&#x628;&#x631;&#x643;&#x627;&#x62A; &#x628;&#x646; &#x627;&#x644;&#x627;&#x633;&#x639;&#x62F;&#x60C;</marc:subfield>
  <marc:subfield code="d">approximately 1363.</marc:subfield>
  <marc:subfield code="t">&#x633;&#x644;&#x645; &#x627;&#x644;&#x643;&#x628;&#x64A;&#x631;.</marc:subfield>
</marc:datafield>
    <marc:holdings>
      <marc:holding>
        <marc:holding_id>22332400060003681</marc:holding_id>
        <marc:call_number>CAJS Rar Ms 200</marc:call_number>
        <marc:library>KatzLib</marc:library>
        <marc:location>cjsrarms</marc:location>
      </marc:holding>
    </marc:holdings>
  </marc:record>
</marc:records>
